/nfs/foe-fs-01_users/georl/Documents/Microsimulation.bib