@article{Ballas2006,
author = {Ballas, Dimitris and Clarke, Graham P and Dewhurst, John},
doi = {10.1080/17421770600697729},
issn = {1742-1772},
journal = {Spatial Economic Analysis},
month = jun,
number = {1},
pages = {127--146},
title = {{Modelling the Socio-economic Impacts of Major Job Loss or Gain at the Local Level: a Spatial Microsimulation Framework}},
url = {http://www.tandfonline.com/doi/abs/10.1080/17421770600697729},
volume = {1},
year = {2006}
}
@article{Cullinan2011a,
author = {Cullinan, John},
doi = {10.1007/s10640-011-9458-x},
issn = {0924-6460},
journal = {Environmental and Resource Economics},
keywords = {forest recreation,gis-based network analysis,spatial microsimulation,total economic value,total visits,travel cost model},
month = jan,
number = {1},
pages = {27--47},
title = {{A Spatial Microsimulation Approach to Estimating the Total Number and Economic Value of Site Visits in Travel Cost Modelling}},
url = {http://www.springerlink.com/index/10.1007/s10640-011-9458-x},
volume = {50},
year = {2011}
}
@article{doi:10.1080/17421772.2010.493954,
author = {Cullinan, John},
doi = {10.1080/17421772.2010.493954},
journal = {Spatial Economic Analysis},
number = {3},
pages = {317--338},
title = {{Developing a Continuous Space Representation of a Simulated Population}},
url = {http://www.tandfonline.com/doi/abs/10.1080/17421772.2010.493954},
volume = {5},
year = {2010}
}
@article{Cullinan2011,
author = {Cullinan, John and Hynes, Stephen and O'Donoghue, Cathal},
doi = {10.1016/j.ecolecon.2010.12.003},
issn = {09218009},
journal = {Ecological Economics},
keywords = {Forest recreation,GIS,Network analysis,Travel cost model,environmental benefit transfer,spatial microsimulation},
month = feb,
number = {4},
pages = {813--824},
publisher = {Elsevier B.V.},
title = {{Using spatial microsimulation to account for demographic and spatial factors in environmental benefit transfer}},
url = {http://linkinghub.elsevier.com/retrieve/pii/S0921800910004787},
volume = {70},
year = {2011}
}
@article{doi:10.1080/17421772.2013.835439,
author = {Morrissey, Karyn and O'donoghue, Cathal and Farrell, Niall},
doi = {10.1080/17421772.2013.835439},
journal = {Spatial Economic Analysis},
number = {0},
pages = {1--20},
title = {{The Local Impact of the Marine Sector in Ireland: A Spatial Microsimulation Analysis}},
url = {http://www.tandfonline.com/doi/abs/10.1080/17421772.2013.835439},
volume = {0}
}
